@book{voting, author={Jonathan K. Hodge and Richard E. Klima}, title={The Mathematics of Voting and Elections: A Hands-On Approach}, publisher={American Mathematical Society}, year={2005}, edition={}, address={United States of America}, ISBN={978-0-8218-3798-6}, note={}}

@article{voting2, author={Bla2}, title={Bla2}, journal={Blub2}, volume={0}, year={0}, pages={0}, note={blabla}}

@inproceedings{voting3, author={Bla3}, booktitle={Bla3},
	title={Blub3}, year={0}, pages={0}, month={}, addendum={verfügbar unter: \url{http://www.csee.wvu.edu/~xinl/library/papers/comp/shor_focs1994.pdf}, Zugriff am }}

@unpublished{voting4, author = {Bla4}, title={Bla4}, year={0}, month={10}, addendum={verfügbar unter: \url{http://homepages.physik.uni-muenchen.de/~milq/quantenkryp/Quantenkryptographie-Lehrtext.pdf}, Zugriff am }

@online{picture, title={Picture}, author={}, url={https://www.tuwien.ac.at/fileadmin/t/tuwien/downloads/cd/CD_NEU_2009/TU_Logos_2009/TUSignet.jpg}, addendum={Zugriff am }, keywords={Bild}}

@online{picture2, title={Picture2}, author={}, url={https://www.tuwien.ac.at/fileadmin/t/tuwien/downloads/cd/CD_NEU_2009/TU_Logos_2009/TUSignet.jpg}, addendum={Zugriff am }, keywords={Bild}}

@misc{video, author={Filmer}, title={Non}, note={Video}, year={0}, month={10}, day={0},  url={http://www.br.de/fernsehen/ard-alpha/sendungen/alpha-centauri/alpha-centauri-schroedinger-harald-lesch100.html}, addendum={Zugriff am }, keywords={Vid}}